<?xml version="1.0" encoding="UTF-8"?><collection xmlns="http://www.loc.gov/MARC21/slim"><record><leader>00427nam--2200145-i-4500</leader><controlfield tag="001">000017736</controlfield><controlfield tag="002">20161230</controlfield><controlfield tag="005">20161230201032</controlfield><controlfield tag="008">060222s1000------------r-----000-0-eng-d</controlfield><datafield ind1=" " ind2=" " tag="080"><subfield code="a">541.183.5:539.23:541.1-16</subfield></datafield><datafield ind1=" " ind2=" " tag="245"><subfield code="a">Chemisorption and reactions on metallic films</subfield></datafield><datafield ind1=" " ind2=" " tag="260"><subfield code="a">London, Academic Press, 1971 Xii + 323 P</subfield></datafield><datafield ind1=" " ind2=" " tag="490"><subfield code="a">Physical Chemistry. A Series Of Monographs Loebl</subfield></datafield><datafield ind1=" " ind2=" " tag="700"><subfield code="a">Anderson, J.R</subfield></datafield><datafield ind1=" " ind2=" " tag="852"><subfield code="a">19704</subfield></datafield></record></collection>